<?xml version="1.0"?>
<zs:searchRetrieveResponse xmlns:zs="http://www.loc.gov/zing/srw/"><zs:version>1.1</zs:version><zs:numberOfRecords>1</zs:numberOfRecords><zs:records><zs:record><zs:recordSchema>info:srw/schema/1/marcxml-v1.1</zs:recordSchema><zs:recordPacking>xml</zs:recordPacking><zs:recordData><record xmlns="http://www.loc.gov/MARC21/slim">
  <leader>05061cgm a2200973Ii 4500</leader>
  <controlfield tag="001">7041954</controlfield>
  <controlfield tag="005">20140708133756.0</controlfield>
  <controlfield tag="007">vd cvaizk</controlfield>
  <controlfield tag="008">140506t20142014cau100 e          vleng d</controlfield>
  <datafield tag="024" ind1="1" ind2="0">
    <subfield code="a">024543897385</subfield>
    <subfield code="d">80</subfield>
  </datafield>
  <datafield tag="024" ind1="1" ind2=" ">
    <subfield code="a">024543897385</subfield>
  </datafield>
  <datafield tag="024" ind1="1" ind2=" ">
    <subfield code="a">024543897392</subfield>
  </datafield>
  <datafield tag="028" ind1="4" ind2="2">
    <subfield code="a">2289739</subfield>
    <subfield code="b">Twentieth Century Fox Home Entertainment</subfield>
  </datafield>
  <datafield tag="035" ind1=" " ind2=" ">
    <subfield code="a">(OCoLC)ocn879297774</subfield>
  </datafield>
  <datafield tag="037" ind1=" " ind2=" ">
    <subfield code="b">Midwest Tape</subfield>
    <subfield code="n">http://www.midwesttapes.com</subfield>
  </datafield>
  <datafield tag="040" ind1=" " ind2=" ">
    <subfield code="a">TEFMT</subfield>
    <subfield code="b">eng</subfield>
    <subfield code="e">rda</subfield>
    <subfield code="c">TEFMT</subfield>
    <subfield code="d">TEF</subfield>
    <subfield code="d">TEFMT</subfield>
    <subfield code="d">IEP</subfield>
    <subfield code="d">PX0</subfield>
    <subfield code="d">OCLCO</subfield>
    <subfield code="d">LGG</subfield>
    <subfield code="d">TYC</subfield>
  </datafield>
  <datafield tag="041" ind1="1" ind2=" ">
    <subfield code="a">eng</subfield>
    <subfield code="a">spa</subfield>
    <subfield code="a">fre</subfield>
    <subfield code="j">spa</subfield>
    <subfield code="j">fre</subfield>
    <subfield code="j">eng</subfield>
  </datafield>
  <datafield tag="043" ind1=" " ind2=" ">
    <subfield code="a">e------</subfield>
  </datafield>
  <datafield tag="049" ind1=" " ind2=" ">
    <subfield code="a">INUA</subfield>
  </datafield>
  <datafield tag="050" ind1=" " ind2="4">
    <subfield code="a">PN1997.2</subfield>
    <subfield code="b">.G73 2014</subfield>
  </datafield>
  <datafield tag="082" ind1="0" ind2="4">
    <subfield code="a">791.43/72</subfield>
    <subfield code="2">23</subfield>
  </datafield>
  <datafield tag="130" ind1="0" ind2=" ">
    <subfield code="a">Grand Budapest Hotel (Motion picture)</subfield>
  </datafield>
  <datafield tag="245" ind1="1" ind2="4">
    <subfield code="a">The Grand Budapest Hotel /</subfield>
    <subfield code="c">Fox Searchlight Pictures in association with Indian Paintbrush and Studio Babelsberg present ; an American Empirical Picture ; produced by Wes Anderson, Scott Rudin, Steven Rales, Jeremy Dawson ; story by Wes Anderson &amp; Hugo Guinness ; screenplay by Wes Anderson ; directed by Wes Anderson.</subfield>
  </datafield>
  <datafield tag="257" ind1=" " ind2=" ">
    <subfield code="a">United States.</subfield>
    <subfield code="2">naf</subfield>
  </datafield>
  <datafield tag="264" ind1=" " ind2="2">
    <subfield code="a">Beverly Hills, California :</subfield>
    <subfield code="b">Twentieth Century Fox Home Entertainment,</subfield>
    <subfield code="c">[2014]</subfield>
  </datafield>
  <datafield tag="264" ind1=" " ind2="4">
    <subfield code="c">&#xA9;2014</subfield>
  </datafield>
  <datafield tag="300" ind1=" " ind2=" ">
    <subfield code="a">1 videodisc (100 minutes) :</subfield>
    <subfield code="b">sound, color ;</subfield>
    <subfield code="c">4 3/4 in.</subfield>
  </datafield>
  <datafield tag="336" ind1=" " ind2=" ">
    <subfield code="a">two-dimensional moving image</subfield>
    <subfield code="b">tdi</subfield>
    <subfield code="2">rdacontent</subfield>
  </datafield>
  <datafield tag="337" ind1=" " ind2=" ">
    <subfield code="a">video</subfield>
    <subfield code="b">v</subfield>
    <subfield code="2">rdamedia</subfield>
  </datafield>
  <datafield tag="338" ind1=" " ind2=" ">
    <subfield code="a">videodisc</subfield>
    <subfield code="b">vd</subfield>
    <subfield code="2">rdacarrier</subfield>
  </datafield>
  <datafield tag="340" ind1=" " ind2=" ">
    <subfield code="b">4 3/4 in.</subfield>
    <subfield code="2">rda</subfield>
  </datafield>
  <datafield tag="344" ind1=" " ind2=" ">
    <subfield code="a">digital</subfield>
    <subfield code="b">optical</subfield>
    <subfield code="g">surround</subfield>
    <subfield code="h">Dolby Digital 5.1</subfield>
    <subfield code="2">rda</subfield>
  </datafield>
  <datafield tag="344" ind1=" " ind2=" ">
    <subfield code="a">digital</subfield>
    <subfield code="b">optical</subfield>
    <subfield code="g">surround</subfield>
    <subfield code="h">Dolby Digital 2.0</subfield>
    <subfield code="2">rda</subfield>
  </datafield>
  <datafield tag="345" ind1=" " ind2=" ">
    <subfield code="a">widescreen (1.85:1)</subfield>
    <subfield code="b">24 fps</subfield>
    <subfield code="2">rda</subfield>
  </datafield>
  <datafield tag="346" ind1=" " ind2=" ">
    <subfield code="b">NTSC</subfield>
    <subfield code="2">rda</subfield>
  </datafield>
  <datafield tag="347" ind1=" " ind2=" ">
    <subfield code="a">video file</subfield>
    <subfield code="b">DVD video</subfield>
    <subfield code="e">Region 1</subfield>
    <subfield code="2">rda</subfield>
  </datafield>
  <datafield tag="380" ind1=" " ind2=" ">
    <subfield code="a">Motion picture</subfield>
  </datafield>
  <datafield tag="538" ind1=" " ind2=" ">
    <subfield code="a">DVD, NTSC region 1, dual layer; widescreen (1.85:1) presentation; Dolby Digital 5.1, surround Dolby Digital 2.0.</subfield>
  </datafield>
  <datafield tag="546" ind1=" " ind2=" ">
    <subfield code="a">In English (Dolby Digital 5.1), dubbed French (surround Dolby Digital 2.0), or dubbed Spanish (surround Dolby Digital 2.0); French and Spanish subtitles; English subtitles for the deaf and hard-of-hearing (SDH); English descriptive audio track for people with visual disabilities.</subfield>
  </datafield>
  <datafield tag="588" ind1=" " ind2=" ">
    <subfield code="a">Title from disc surface.</subfield>
  </datafield>
  <datafield tag="511" ind1="1" ind2=" ">
    <subfield code="a">Ralph Fiennes,  F. Murray Abraham, Mathieu Amalric, Adrien Brody, Willem Dafoe, Jeff Goldblum, Harvey Keitel, Jude Law, Bill Murray, Edward Norton, Saoirse Ronan, Jason Schwartzman, Le&#x301;a Seydoux, Tilda Swinton, Tom Wilkinson, Owen Wilson.</subfield>
  </datafield>
  <datafield tag="508" ind1=" " ind2=" ">
    <subfield code="a">Music, Alexandre Desplat ; editor, Barney Pilling ; production designer, Adam Stockhausen ; director of photography, Robert Yeoman.</subfield>
  </datafield>
  <datafield tag="500" ind1=" " ind2=" ">
    <subfield code="a">Originally released as a motion picture in 2014.</subfield>
  </datafield>
  <datafield tag="521" ind1="8" ind2=" ">
    <subfield code="a">MPAA rating: R; for language, some sexual content and violence.</subfield>
  </datafield>
  <datafield tag="520" ind1=" " ind2=" ">
    <subfield code="a">The adventures of Gustave H, a legendary concierge at a famous European hotel between the wars, and Zero Moustafa, the lobby boy who becomes his most trusted friend. The story involves the theft and recovery of a priceless Renaissance painting and the battle for an enormous family fortune.</subfield>
  </datafield>
  <datafield tag="500" ind1=" " ind2=" ">
    <subfield code="a">Special features: Mendl's Secret Recipe; cast and Wes Anderson featurettes; stills gallery.</subfield>
  </datafield>
  <datafield tag="650" ind1=" " ind2="0">
    <subfield code="a">Hotels</subfield>
    <subfield code="z">Europe</subfield>
    <subfield code="v">Drama.</subfield>
  </datafield>
  <datafield tag="650" ind1=" " ind2="0">
    <subfield code="a">Hotel concierges</subfield>
    <subfield code="z">Europe</subfield>
    <subfield code="v">Drama.</subfield>
  </datafield>
  <datafield tag="650" ind1=" " ind2="0">
    <subfield code="a">Art thefts</subfield>
    <subfield code="v">Drama.</subfield>
  </datafield>
  <datafield tag="650" ind1=" " ind2="0">
    <subfield code="a">Friendship</subfield>
    <subfield code="v">Drama.</subfield>
  </datafield>
  <datafield tag="655" ind1=" " ind2="7">
    <subfield code="a">Dark comedy films.</subfield>
    <subfield code="2">lcgft</subfield>
  </datafield>
  <datafield tag="655" ind1=" " ind2="7">
    <subfield code="a">Feature films.</subfield>
    <subfield code="2">lcgft</subfield>
  </datafield>
  <datafield tag="655" ind1=" " ind2="7">
    <subfield code="a">Fiction films.</subfield>
    <subfield code="2">lcgft</subfield>
  </datafield>
  <datafield tag="655" ind1=" " ind2="7">
    <subfield code="a">Video recordings for the hearing impaired.</subfield>
    <subfield code="2">lcgft</subfield>
  </datafield>
  <datafield tag="655" ind1=" " ind2="7">
    <subfield code="a">Video recordings for people with visual disabilities.</subfield>
    <subfield code="2">lcgft</subfield>
  </datafield>
  <datafield tag="700" ind1="1" ind2=" ">
    <subfield code="a">Anderson, Wes,</subfield>
    <subfield code="d">1969-</subfield>
    <subfield code="e">film director,</subfield>
    <subfield code="e">screenwriter,</subfield>
    <subfield code="e">film producer.</subfield>
  </datafield>
  <datafield tag="700" ind1="1" ind2=" ">
    <subfield code="a">Guinness, Hugo,</subfield>
    <subfield code="e">screenwriter.</subfield>
  </datafield>
  <datafield tag="700" ind1="1" ind2=" ">
    <subfield code="a">Rudin, Scott,</subfield>
    <subfield code="d">1958-</subfield>
    <subfield code="e">film producer.</subfield>
  </datafield>
  <datafield tag="700" ind1="1" ind2=" ">
    <subfield code="a">Rales, Steven,</subfield>
    <subfield code="e">film producer.</subfield>
  </datafield>
  <datafield tag="700" ind1="1" ind2=" ">
    <subfield code="a">Dawson, Jeremy</subfield>
    <subfield code="c">(Producer),</subfield>
    <subfield code="e">film producer.</subfield>
  </datafield>
  <datafield tag="700" ind1="1" ind2=" ">
    <subfield code="a">Fiennes, Ralph,</subfield>
    <subfield code="e">actor.</subfield>
  </datafield>
  <datafield tag="700" ind1="1" ind2=" ">
    <subfield code="a">Abraham, F. Murray,</subfield>
    <subfield code="e">actor.</subfield>
  </datafield>
  <datafield tag="700" ind1="1" ind2=" ">
    <subfield code="a">Amalric, Mathieu,</subfield>
    <subfield code="d">1965-</subfield>
    <subfield code="e">actor.</subfield>
  </datafield>
  <datafield tag="700" ind1="1" ind2=" ">
    <subfield code="a">Brody, Adrien,</subfield>
    <subfield code="e">actor.</subfield>
  </datafield>
  <datafield tag="700" ind1="1" ind2=" ">
    <subfield code="a">Dafoe, Willem,</subfield>
    <subfield code="e">actor.</subfield>
  </datafield>
  <datafield tag="700" ind1="1" ind2=" ">
    <subfield code="a">Goldblum, Jeff,</subfield>
    <subfield code="d">1952-</subfield>
    <subfield code="e">actor.</subfield>
  </datafield>
  <datafield tag="700" ind1="1" ind2=" ">
    <subfield code="a">Keitel, Harvey,</subfield>
    <subfield code="e">actor.</subfield>
  </datafield>
  <datafield tag="700" ind1="1" ind2=" ">
    <subfield code="a">Law, Jude,</subfield>
    <subfield code="d">1972-</subfield>
    <subfield code="e">actor.</subfield>
  </datafield>
  <datafield tag="700" ind1="1" ind2=" ">
    <subfield code="a">Murray, Bill,</subfield>
    <subfield code="d">1950 September 21-</subfield>
    <subfield code="e">actor.</subfield>
  </datafield>
  <datafield tag="700" ind1="1" ind2=" ">
    <subfield code="a">Norton, Edward,</subfield>
    <subfield code="e">actor.</subfield>
  </datafield>
  <datafield tag="700" ind1="1" ind2=" ">
    <subfield code="a">Ronan, Saoirse,</subfield>
    <subfield code="d">1994-</subfield>
    <subfield code="e">actor.</subfield>
  </datafield>
  <datafield tag="700" ind1="1" ind2=" ">
    <subfield code="a">Schwartzman, Jason,</subfield>
    <subfield code="d">1980-</subfield>
    <subfield code="e">actor.</subfield>
  </datafield>
  <datafield tag="700" ind1="1" ind2=" ">
    <subfield code="a">Seydoux, Le&#x301;a,</subfield>
    <subfield code="d">1985-</subfield>
    <subfield code="e">actor.</subfield>
  </datafield>
  <datafield tag="700" ind1="1" ind2=" ">
    <subfield code="a">Wilkinson, Tom,</subfield>
    <subfield code="d">1948-</subfield>
    <subfield code="e">actor.</subfield>
  </datafield>
  <datafield tag="700" ind1="1" ind2=" ">
    <subfield code="a">Wilson, Owen,</subfield>
    <subfield code="d">1968-</subfield>
    <subfield code="e">actor.</subfield>
  </datafield>
  <datafield tag="700" ind1="1" ind2=" ">
    <subfield code="a">Desplat, Alexandre,</subfield>
    <subfield code="e">composer (expression)</subfield>
  </datafield>
  <datafield tag="700" ind1="1" ind2=" ">
    <subfield code="a">Pilling, Barney,</subfield>
    <subfield code="e">editor.</subfield>
  </datafield>
  <datafield tag="700" ind1="1" ind2=" ">
    <subfield code="a">Yeoman, Robert D.,</subfield>
    <subfield code="d">1951-</subfield>
    <subfield code="e">director of photography.</subfield>
  </datafield>
  <datafield tag="710" ind1="2" ind2=" ">
    <subfield code="a">Fox Searchlight Pictures,</subfield>
    <subfield code="e">production company.</subfield>
  </datafield>
  <datafield tag="710" ind1="2" ind2=" ">
    <subfield code="a">Indian Paintbrush (Firm),</subfield>
    <subfield code="e">production company.</subfield>
  </datafield>
  <datafield tag="710" ind1="2" ind2=" ">
    <subfield code="a">Studio Babelsberg,</subfield>
    <subfield code="e">production company.</subfield>
  </datafield>
  <datafield tag="710" ind1="2" ind2=" ">
    <subfield code="a">American Empirical Pictures,</subfield>
    <subfield code="e">production company.</subfield>
  </datafield>
  <datafield tag="710" ind1="2" ind2=" ">
    <subfield code="a">Twentieth Century Fox Home Entertainment, Inc.,</subfield>
    <subfield code="e">film distributor.</subfield>
  </datafield>
  <datafield tag="948" ind1=" " ind2=" ">
    <subfield code="b">h</subfield>
    <subfield code="c">20140708</subfield>
    <subfield code="d">n</subfield>
    <subfield code="e">sm</subfield>
  </datafield>
</record></zs:recordData><zs:recordPosition>1</zs:recordPosition></zs:record></zs:records></zs:searchRetrieveResponse>
